<?xml version="1.0" encoding="UTF-8"?><collection xmlns="http://www.loc.gov/MARC21/slim"><record><leader>00516nam--2200181-i-4500</leader><controlfield tag="001">000016199</controlfield><controlfield tag="002">20161230</controlfield><controlfield tag="005">20161230201031</controlfield><controlfield tag="008">060222s1000------------r-----000-0-fre-d</controlfield><datafield ind1=" " ind2=" " tag="040"><subfield code="a">IFIN-HH</subfield></datafield><datafield ind1=" " ind2=" " tag="041"><subfield code="a">fre</subfield></datafield><datafield ind1=" " ind2=" " tag="080"><subfield code="a">539.17.012(043)</subfield></datafield><datafield ind1="1" ind2=" " tag="100"><subfield code="a">Arditi, Maurice</subfield></datafield><datafield ind1="1" ind2="0" tag="245"><subfield code="a">Application des principes de la double resonance a la realisation d'horloges atomiques</subfield><subfield code="b">These</subfield><subfield code="c">Maurice arditi</subfield></datafield><datafield ind1=" " ind2=" " tag="260"><subfield code="a">Paris</subfield><subfield code="b">Universite</subfield><subfield code="c">1960</subfield></datafield><datafield ind1=" " ind2=" " tag="300"><subfield code="a">/974-1025/P</subfield></datafield><datafield ind1=" " ind2=" " tag="852"><subfield code="a">77123</subfield><subfield code="c">539</subfield></datafield><datafield ind1=" " ind2=" " tag="CAT"><subfield code="a">Sys</subfield><subfield code="c">20111013</subfield><subfield code="h">160356</subfield></datafield></record></collection>